@Book{KernighanRitchieCProg,
  author = 	 {Brian W. {Kernighan} and Dennis M. {Ritchie}},
  title = 	 {The C Programming Language},
  date = 	 {1978-02-22},
  language =  {English},
  origlanguage = {English},
  edition = 	 {Second},
  publisher = {Prentice Hall},
  isbn = 	 9780131101630}
