@Book{sedraTextbook8,
  author = 		 {Adel S. Sedra and Kenneth C. Smith and Tony Chan Carusone and Vincent Gaudet},
  title = 		 {Microelectronic Circuits},
  year = 	 {2019},
  language =  {English},
  origlanguage = {English},
  edition = 	 {Eighth},
  publisher = {Oxford University Press},
  isbn = 	 9780190853464}

@Book{sedraTextbook7,
  author = 		 {Adel S. Sedra and Kenneth C. Smith and Tony Chan Carusone and Vincent Gaudet},
  title = 		 {Microelectronic Circuits},
  year = 	 {2015},
  language =  {English},
  origlanguage = {English},
  edition = 	 {Seventh},
  publisher = {Oxford University Press},
  isbn = 	 9780190853464}
