@Book{LearnHaskellGreatGood,
  author = 	 {Miran {Lipova\v{c}a}},
  title = 	 {Learn You a Haskell for Great Good!},
  date = 	 {2011-04},
  subtitle =  {A Beginner's Guide},
  language =  {English},
  isbn = 	 9781593272838,
  pagetotal = 290,
  url = 	 {http://learnyouahaskell.com/}}

@Book{ProgInHaskell,
  author = 	 {Graham {Hutton}},
  title = 	 {Programming in Haskell},
  date = 	 2007,
  language =  {English},
  edition = 	 1,
  publisher = {Cambridge University Press},
  isbn = 	 9781316626221,
  pagetotal = 183}

@Book{RealWorldHaskell,
  author = 	 {Bryan {O'Sullivan} and John {Goerzen} and Donal Bruce {Stewart}},
  title = 	 {Real World Haskell},
  date = 	 {2008-11},
  titleaddon = {Code You Can Believe In},
  language =  {English},
  publisher = {O'Reilly Media, Inc.},
  isbn = 	 9780596554309,
  pagetotal = 712}
