@Book{CProg,
  author = 	 {Brian W. {Kernighan} and Dennis {Ritchie}},
  title = 	 {The C Programming Language},
  date = 	 {1988-03},
  language =  {English},
  edition = 	 2,
  publisher = {Prentic Hall Software Series},
  isbn = 	 9780133086218,
  pagetotal = 288}

@Book{LDD3,
  author = 	 {Jonathan {Corbet} and Alessandro {Rubini} and Greg {Kroah-Hartman}},
  title = 	 {Linus Device Drivers},
  date = 	 {2005-02},
  subtitle =  {Where the Kernel Meets the Hardware},
  language =  {English},
  edition = 	 3,
  publisher = {O'Reilly Media},
  isbn = 	 9780596005900,
  pagetotal = 633}

@Book{OSC,
  author = 	 {Abraham {Silberschatz} and Greg {Gagne} and {Peter Baer Galvin}},
  title = 	 {Operating System Concepts},
  date = 	 {2013-01},
  edition = 	 9,
  langauge =  {English},
  publisher = {Wiley Publishing},
  isbn = 	 9781118129388,
  pagetotal = 944}
