@Book{ElementsReusableObjectOrientedSoftware1994,
  author = 	 {Erich Gamma and Richard Helm and Ralph Johnson and John Vlissides},
  title = 	 {Design Patterns: Elements of Reusable Object-Oriented Software},
  publisher = 	 {Addison-Wesley Professional},
  year = 	 {1994},
  isbn =         {9780201633610},
}


@Book{CourseTextbook,
  author = 	 {Andrew W. Appel and Jens Palsberg},
  OPTeditor = 	 {},
  title = 	 {Modern Compiler Implementation in Java},
  publisher = 	 {Cambridge University Press},
  year = 	 {2002},
  OPTkey = 	 {},
  isbn = 	 {052182060X},
  OPTvolume = 	 {},
  OPTnumber = 	 {},
  OPTseries = 	 {},
  OPTaddress = 	 {},
  edition = 	 {2nd Edition},
  OPTmonth = 	 {},
  OPTnote = 	 {},
  OPTannote = 	 {}
}

