@Book{Sebesta2012,
  author = 	 {Sebesta, Robert W.},
  ALTeditor = 	 {},
  title = 	 {Concepts of Programming Languages},
  publisher = 	 {Pearson Education Inc.},
  year = 	 {2012},
  OPTkey = 	 {},
  OPTvolume = 	 {},
  OPTnumber = 	 {},
  OPTseries = 	 {},
  OPTaddress = 	 {},
  edition = 	 {10},
  OPTmonth = 	 {},
  OPTnote = 	 {},
  OPTannote = 	 {}
}

@Book{Booch1987,
  author = 	 {Grady Booch},
  ALTeditor = 	 {},
  title = 	 {Software Engineering with Ada},
  publisher = 	 {Benjamin/Cummings},
  year = 	 {1987},
  OPTkey = 	 {},
  OPTvolume = 	 {},
  OPTnumber = 	 {},
  OPTseries = 	 {},
  address = 	 {Redwood City, CA},
  edition = 	 {2},
  OPTmonth = 	 {},
  OPTnote = 	 {},
  OPTannote = 	 {}
}