@Article{Wireless_Network_Capacity,
  author = 		 {P. {Gupta} and P.R. {Kumar}},
  title = 		 {The Capacity of Wireless Networks},
  journaltitle = {IEEE Transactions on Information Theory},
  year = 	 2000,
  pages = 	 {388-404}}

