@Book{ThermoTextbook,
  author = 	 {\c{C}engel, Yunus A. and Cimbala, John M. and Turner, Robert H.},
  title = 	 {Fundamentals of thermal-fluid sciences},
  year = 	 2017,
  edition = 	 {Fifth},
  publisher = {McGraw-Hill Education},
  location =  {New York, NY},
  isbn = 	 9780078027680,
  pagetotal = 1087}
