@Book{dsm5,
  author = { American Psychiatric Association. and American Psychiatric Association. },
  title = { Diagnostic and statistical manual of mental disorders : DSM-5 },
  edition = { 5th ed. },
  isbn = { 089042554 0890425558 9780890425541 9780890425558 },
  publisher = { American Psychiatric Association Arlington, VA },
  pages = { xliv, 947 p. ; },
  year = { 2013 },
  type = { Book },
  language = { English },
  subjects = { Mental illness -- Classification -- Handbooks, manuals, etc.; Mental illness -- Diagnosis -- Handbooks, manuals, etc. },
  life-dates = { 2013 -  },
  catalogue-url = { https://nla.gov.au/nla.cat-vn6261708 },
}

@Book{textbook,
  author = 		 {David H. Barlow and V. Mark Durand and Stefan G. Hofmann},
  title = 		 {Abnormal Psychology},
  year = 	 2018,
  subtitle =  {An Integrative Approach},
  edition = 	 {Eighth},
  publisher = {Cengage Learning},
  isbn = 	 9781305950443,
  pagetotal = 784}
